@article{Dlaska2008,
  author={Andrea Dlaska and Christian Krekeler},
  title = "Self-assessment of Pronunciation",
  journal = "System",
  volume = "36",
  number = "4",
  pages = "506 - 516",
  year = "2008",
}

@article{TIMIT1992,
author = {J Garofolo and Lori Lamel and W Fisher and Jonathan Fiscus and D Pallett and N Dahlgren and V Zue},
year = {1992},
title = {TIMIT Acoustic-phonetic Continuous Speech Corpus},
journal = {Linguistic Data Consortium}, 
}

@InProceedings{Glorot2011,
  title = 	 {Deep Sparse Rectifier Neural Networks},
  author = 	 {Xavier Glorot and Antoine Bordes and Yoshua Bengio},
  booktitle = 	 {Proceedings of the Fourteenth International Conference on Artificial Intelligence and Statistics},
  pages = 	 {315--323},
  year = 	 {2011},
  volume = 	 {15},
  address = 	 {Fort Lauderdale, FL, USA},
  publisher = 	 {PMLR},
}

@misc{Olah2015,
  title = {Understanding LSTM Networks},
  author = {Christopher Olah},
  howpublished = {[online] \url{https://colah.github.io/posts/2015-08-Understanding-LSTMs/}},
  year = {2015},
  note = {[online, cit. 29.7.2019]}
}

@book{Bishop2006,
 author = {Christopher Bishop},
 title = {Pattern Recognition and Machine Learning},
 year = {2006},
 isbn = {0387310738},
 publisher = {Springer-Verlag},
 address = {Berlin, Heidelberg},
}

@book{Murcia1996,
  title={Teaching Pronunciation: A Reference for Teachers of English to Speakers of Other Languages},
  author={M {Celce-Murcia} and D Brinton and J Goodwin},
  year={1996},
  publisher={Cambridge University Press}, 
  address={Cambridge}, 
}

@article{Jiang2005,
  author={Hui Jiang},
  title = "Confidence Measures for Speech Recognition: A Survey",
  journal = "Speech Communication",
  volume = "45",
  number = "4",
  pages = "455 - 470",
  year = "2005",
}

@inproceedings{Neri2006,
  title={ASR-based Corrective Feedback on Pronunciation: Does It Really Work?},
  author={A. Neri and C. Cuccharini and H. Strik},
  booktitle={INTERSPEECH},
  address={Pittsburgh, PA},
  year={2006},
}

@article{Strik2009,
  title = "Comparing Different Approaches for Automatic Pronunciation Error Detection",
  journal = "Speech Communication",
  volume = "51",
  number = "10",
  pages = "845 - 852",
  year = "2009",
  author = "Helmer Strik and Khiet Truong and Febe de Wet and Catia Cucchiarini",
}

@inproceedings{Precoda2000,
  author = {Kristin Precoda and Christine A. Halverson and Horacio Franco},
  title = {Effects of Speech Recognition-based Pronunciation Feedback on Second-Language Pronunciation Ability},
  booktitle = {Proceedings of InSTILL},
  year = {2000},
  pages = {102--105}
}

@article{Tanner2009,
  author={Mark Tanner and Mellisa Landon},
  year = {2001},
  title = {The Effects of Computer-assisted Pronunciation Readings on ESL Learners’ Use of Pausing, Stress, Intonation, and Overall Comprehensibility},
  volume = {13},
  journal = {Language Learning and Technology},
}

@inproceedings{Franco1999,
  title={Automatic Detection of Phone-level Mispronunciation for Language Learning},
  author={Horacio Franco and Leonardo Neumeyer and Mar{\'i}a Ramos and Harry Bratt},
  booktitle = {Learning, Proc. of Eurospeech 99},
  year={1999},
}

@article{Franco2000,
  title={Combination of Machine Scores for Automatic Grading of Pronunciation Quality},
  author={Horacio Franco and Leonardo Neumeyer and Vassilios Digalakis and Orith Ronen},
  journal = "Speech Communication",
  volume = "30",
  number = "2",
  pages = "121 - 130",
  year = "2000",
}

@inproceedings{Kim1997,
  title={Autoamtic Pronunciation Scoring of Specific Phone Segments for Language Instruction},
  author={Yoon Kim and Horacio Franco and Leonardo Neumeyer},
  booktitle={EUROSPEECH 97},
  address={Rhodes, Greece},
  year={1997},
}

@inproceedings{Doremalen2009,
  title={Automatic Detection of Vowel Pronunciation Errors using Multiple Information Sources},
  author={J. Doremalen and C. Cucchiarini and H. Strik}, 
  booktitle={2009 IEEE Workshop on Automatic Speech Recognition Understanding}, 
  year={2009}, 
  pages={580-585},   
}

@article{Witt2000,
  title={Phone-level Pronunciation Scoring and Assessment for Interactive Language Learning},
  author={Silke M. Witt and Steve J. Young},
  journal={Speech Communication},
  year={2000},
  volume={30},
  pages={95-108},
  number = "2",
}

@inproceeding{Lu2010,
  title={Automatic Error Detection for Unit Selection Speech Synthesis using Log Likelihood Ratio based SVM Classifier},
  author={Heng Lu and Zhen-Hua Ling and Si Wei and Li-Rong Dai and Ren-Hua Wang},
  year={2010},
  booktitle={INTERSPEECH}, 
}

@article{Wei2009,
  title={A New Method for Mispronunciation Detection using Support Vector Machine Based on Pronunciation Space Models},
  author={Si Wei and Guoping Hu and Yu Hu and Ren-Hua Wang},
  journal = "Speech Communication",
  volume = "51",
  number = "10",
  pages = "896 - 905",
  year = "2009",
}

@inproceedings{Hu2013,
  title={A New DNN-based High Quality Pronunciation Evaluation for Computer-aided Language Learning (CALL)},
  author={Wenping Hu and Yao Qian and Frank K. Soong},
  booktitle={INTERSPEECH},
  year={2013},
}

@inproceedings{Hu2015,
    title={An Improved DNN-based Approach to Mispronunciation Detection and Diagnosis of L2 Learners’ Speech},
    author={Wenping Hu and Yao Qian and Frank K. Soong},
    booktitle={SLaTE},
    year={2015},
}

@inproceedings{Nagamine2015,
  title={Exploring how deep neural networks form phonemic categories},
  author={Tasha Nagamine and Michael L. Seltzer and Nima Mesgarani},
  booktitle={INTERSPEECH},
  year={2015}
}

@inproceedinds{Li2017,
  title={Improving Mispronunciation Detection for Non-Native Learners with Multisource Information and LSTM-Based Deep Models},
  author={Wei Li and Nancy F. Chen and Sabato Marco Siniscalchi and Chin-Hui Lee},
  year={2017},
  booktitle={INTERSPEECH},
  pages={2759--2763},   
}

@INPROCEEDINGS{Ghoshal2013, 
author={A. {Ghoshal} and P. {Swietojanski} and S. {Renals}}, 
booktitle={IEEE International Conference on Acoustics, Speech and Signal Processing (ICASSP)}, 
title={Multilingual training of deep neural networks}, 
year={2013}, 
pages={7319-7323}, 
}

@INPROCEEDINGS{Huang2013, 
author={J. {Huang} and J. {Li} and D. {Yu} and L. {Deng} and Y. {Gong}}, 
booktitle={IEEE International Conference on Acoustics, Speech and Signal Processing (ICASSP)}, 
title={Cross-language knowledge transfer using multilingual deep neural network with shared hidden layers}, 
year={2013}, 
pages={7304-7308}, 
}

@inproceedings{Stouten2006,
author = {Frederik Stouten and Jean-Pierre Martens},
year = {2006},
title = {Speech recognition with phonological features: Some issues to attend},
journal = {INTERSPEECH},
}

@inproceedings{Arora2017,
  title={Phonological Feature Based Mispronunciation Detection and Diagnosis using Multi-Task DNNs and Active Learning},
  author={Vipul Arora and Aditi Lahiri and Henning Reetz},
  year={2017},
  booktitle={INTERSPEECH},
}

@inproceedings{Arora2018,
  title = {Phonological feature-based speech recognition system for pronunciation training in non-native language learning},
  author={Vipul Arora and Aditi Lahiri and Henning Reetz},
  journal = {The Journal of the Acoustical Society of America},
  volume = {143},
  number = {1},
  pages = {98-108},
  year = {2018},
}

@book{Moyer2013,
  title={Foreign Accent: The Phenomenom of Non-native Speech},
  author={Alene Moyer},
  publisher={Cambridge University Press},
  address={Cambridge},
  year={2013},
}


@inproceedings{Witt2012,
  title={Automatic Error Detection in Pronunciation Training: Where we are and where we need to go},
  author={Silke Witt},
  year={2012},
}

@inproceedings{Harrison2009,
	title={Implementation of an Extended Recognition Network for Mispronunciation Detection and Diagnosis in Computer-assisted Pronunciation Training},
	author={Alissa M. Harrison and Wai Kit Lo and Xiaojun Qian and Helen M. Meng},
	booktitle={SLaTE},
	year={2009}
}


@inproceedings{Lo2010,
  title={Automatic Derivation of Phonological Rules for Mispronunciation Detection in a Computer-Assisted Pronunciation Training System},
  author={Wai Kit Lo and Shuang Zhang and Helen M. Meng},
  booktitle={INTERSPEECH},
  year={2010}
  }
}

@book{Psutka2006,
  title={Mluvíme s počítačem česky},
  author={Jozef Psutka and Luděk Müller and Jindřich Matoušek and Vlasta Radová},
  year={2006},
  publisher={Academia},
  address={Prague},
}

@article{Gales2007,
  title={The Application of Hidden Markov Models in Speech Recognition},
  author={Mark Gales and Steve Young},
  year={2007},
  pages = {195-304},
  volume = {1},
  journal = {Foundations and Trends in Signal Processing}, 
}

@book{Young2015,
  title={The HTK Book},
  author = {Steve Young and G Evermann and M Gales and Thomas Hain},
  year = {2002},
  publisher={Cambridge University},
  address={Cambridge},  
}

@book{Dong2015,
  title={Automatic Speech Recognition: A Deep Learning Approach},
  author={Dong Yu and Li Deng},
  year={2014},
  publisher={Springer},
  address={London},
}

@article{Mohamed2012,
  title={Understanding how Deep Belief Networks perform Acoustic Modelling},
  author={Abdel Mohamed and Geoffrey E. Hinton and Gerald Penn},
  year={2012},
  journal={IEEE International Conference on Acoustics, Speech and Signal Processing (ICASSP)},
  pages={4273-4276} 
}

@article{Davis1980,
  author={S. Davis and P. Mermelstein}, 
  journal={IEEE Transactions on Acoustics, Speech, and Signal Processing}, 
  title={Comparison of Parametric Representations for Monosyllabic Word Recognition in Continuously Spoken Sentences}, 
  year={1980}, 
  volume={28}, 
  number={4}, 
  pages={357-366}, 
 }

@article{Hermansky1990,
  title={Perceptual Linear Predictive (PLP) Analysis of Speech},
  author={Hynek Hermansky},
  journal={The Journal of the Acoustical Society of America},
  year={1990},
  volume={87},
  number={4},
  pages={1738 - 1752},
}

@article{Woodland1997,
  title={The Development of the 1996 Htk Broadcast News Transcription System},
  author={Philip C. Woodland and Mark J. F. Gales and David Pye and Steve J. Young},
  year={1997},
}

@article{Rabiner1989,
  title={A Tutorial on Hidden Markov Models and Selected Applications in Speech Recognition},
  author={Lawrence Rabiner},
  year={1989},
  journal={Proceedings of the IEEE}, 
  volume={77}, 
  number={2}, 
  pages={257-286},  
}

@inbook{WFST,
  title={Speech Recognition with Weighted Finite-State Transducers},
  author={Mehryar Mohri and Fernando Pereira and Michael Riley},
  year={2008},
  bookTitle="Springer Handbook of Speech Processing",
  publisher="Springer",
  address="Berlin, Heidelberg",
  pages={559 - 584},
}

@misc{Voxforge,
  title={Voxforge.org, Free Speech Recognition},
  note = {[online, cit. 29.7.2019]},
  howpublished={\url{http://www.voxforge.org/}},
}

@article{Bisani2008,
title = "Joint-sequence models for grapheme-to-phoneme conversion",
journal = "Speech Communication",
volume = "50",
number = "5",
pages = "434 - 451",
year = "2008",
author = "Maximilian Bisani and Hermann Ney",
}

@inproceedings{ISLE,
  title={The ISLE corpus of non-native spoken English},
  author={Wolfgang Menzel and Eric Atwell and Patrizia Bonaventura and Daniel Herron and Peter Howarth and Rachel Morton and Clive Souter},
  year={2000},
}

@inproceeding{Kaldi,
  title={The Kaldi Speech Recognition Toolkit},
  author={Daniel Povey and Arnab Gihostal and Gilles Boulianne and Lukáš Burget and Ondřej Glembek and Nagendra Goel and Mirko Hannemann and Petr Motlíček},
  year={2011},
}

@misc{keras,
  title={Keras},
  author={Chollet, Fran\c{c}ois and others},
  year={2015},
  howpublished={\url{https://keras.io}},
}